<?xml version="1.0" encoding="UTF-8"?><record xmlns="http://www.loc.gov/MARC21/slim" xmlns:cinclude="http://apache.org/cocoon/include/1.0" xmlns:zs="http://www.loc.gov/zing/srw/">
  <leader>00486cz  a2200133n  4500</leader>
  <controlfield tag="001">n  87137884 </controlfield>
  <controlfield tag="003">DLC</controlfield>
  <controlfield tag="005">20080411075434.0</controlfield>
  <controlfield tag="008">871023n| acannaabn          |n aad      </controlfield>
  <datafield tag="010" ind1=" " ind2=" ">
    <subfield code="a">n  87137884 </subfield>
  </datafield>
  <datafield tag="035" ind1=" " ind2=" ">
    <subfield code="a">(OCoLC)oca01967500</subfield>
  </datafield>
  <datafield tag="040" ind1=" " ind2=" ">
    <subfield code="a">DLC</subfield>
    <subfield code="b">eng</subfield>
    <subfield code="c">DLC</subfield>
    <subfield code="d">DLC</subfield>
    <subfield code="d">OCoLC</subfield>
  </datafield>
  <datafield tag="100" ind1="1" ind2=" ">
    <subfield code="a">Elsberry, Kristie Beverly</subfield>
  </datafield>
  <datafield tag="670" ind1=" " ind2=" ">
    <subfield code="a">nuc87-109460: Alembert, J.L.d'. Ele휍혖mens de musique, the휍혖orique et pratique ... [MI] 1984</subfield>
    <subfield code="b">(hdg. on CLU rept.: Elsberry, Kristie Beverly; usage: Kristie Beverly Elsberry)</subfield>
  </datafield>
</record>